@Book{xie2013ddrk,
  Title                    = {â€œEvaluating Snowflake as an Indistinguishable Censorship Circumvention Tool},
  Author                   = {K. MacMillan, J. Holland, and P. Mittal},
  Publisher                = {Boca Raton, FL: CRC Press},
  Year                     = {2020},

  Owner                    = {Luke},
  Timestamp                = {2024.12.12}
}



 
. (Oct. 14, 2020), [Online]. Available: http://arxiv.or
g/abs/2008.03254 (last visited: Oct. 24, 2023), preprint.